@ARTICLE{2020MNRAS.497.2899M,
       author = {\textbf{{Miller}, N.~J.} and {Maxted}, P.~F.~L. and {Smalley}, B.},
        title = "{Fundamental effective temperature measurements for eclipsing binary stars - I. Development of the method and application to AI Phoenicis}",
      journal = {MNRAS},
     keywords = {binaries: eclipsing, stars: fundamental parameters, stars: solar-type, Astrophysics - Solar and Stellar Astrophysics},
         year = 2020,
        month = jul,
       volume = {497},
       number = {3},
        pages = {2899-2909},
          doi = {10.1093/mnras/staa2167},
 primaryClass = {astro-ph.SR},
       adsurl = {https://ui.adsabs.harvard.edu/abs/2020MNRAS.497.2899M},
      adsnote = {Provided by the SAO/NASA Astrophysics Data System}
}