@ARTICLE{2021MNRAS.506..306S,
       author = {{Swayne}, M.~I. and {Maxted}, P.~F.~L. and {Triaud}, A.~H.~M.~J. and {Sousa}, S.~G. and {Broeg}, C. and \textbf{et al.}},
        title = "{The EBLM project - VIII. First results for M-dwarf mass, radius, and effective temperature measurements using CHEOPS light curves}",
      journal = {\mnras},
     keywords = {techniques: photometric, techniques: spectroscopic, binaries: eclipsing, stars: fundamental parameters, stars: low-mass, Astrophysics - Solar and Stellar Astrophysics, Astrophysics - Earth and Planetary Astrophysics},
         year = 2021,
        month = sep,
       volume = {506},
       number = {1},
        pages = {306-322},
          doi = {10.1093/mnras/stab1687},
archivePrefix = {arXiv},
       eprint = {2106.07276},
 primaryClass = {astro-ph.SR},
       adsurl = {https://ui.adsabs.harvard.edu/abs/2021MNRAS.506..306S},
      adsnote = {Provided by the SAO/NASA Astrophysics Data System},
      keywords = {coauthor}
}



@ARTICLE{2021MNRAS.tmp.1938M,
       author = {{Martin}, David V. and {El-Badry}, Kareem and {Hod{\v{z}}i{\'c}}, Vedad Kunovac and {Triaud}, Amaury H.~M.~J. and {Angus}, Ruth and \textbf{et al.}},
        title = "{TOI-1259Ab - a gas giant planet with 2.7 per cent deep transits and a bound white dwarf companion}",
      journal = {\mnras},
     keywords = {binaries: eclipsing, stars: low-mass, stars: individual (TOI-1259), planets and satellites: formation, stars: rotation, Astrophysics - Earth and Planetary Astrophysics, Astrophysics - Solar and Stellar Astrophysics},
         year = 2021,
        month = jul,
          doi = {10.1093/mnras/stab2129},
archivePrefix = {arXiv},
       eprint = {2101.02707},
 primaryClass = {astro-ph.EP},
       adsurl = {https://ui.adsabs.harvard.edu/abs/2021MNRAS.tmp.1938M},
      adsnote = {Provided by the SAO/NASA Astrophysics Data System},
      keywords = {coauthor}
}

@ARTICLE{2020MNRAS.497.2899M,
       author = {\textbf{{Miller}, N.~J.} and {Maxted}, P.~F.~L. and {Smalley}, B.},
        title = "{Fundamental effective temperature measurements for eclipsing binary stars - I. Development of the method and application to AI Phoenicis}",
      journal = {MNRAS},
     keywords = {binaries: eclipsing, stars: fundamental parameters, stars: solar-type, Astrophysics - Solar and Stellar Astrophysics},
         year = 2020,
        month = jul,
       volume = {497},
       number = {3},
        pages = {2899-2909},
          doi = {10.1093/mnras/staa2167},
 primaryClass = {astro-ph.SR},
       adsurl = {https://ui.adsabs.harvard.edu/abs/2020MNRAS.497.2899M},
      adsnote = {Provided by the SAO/NASA Astrophysics Data System},
      keywords = {firstauthor}
}